@article{lplu-2021,
    author  = "Lê Phúc Lữ",
    title   = "Slide bài giảng Quy hoạch Tuyến tính",
    year    = "2021",
    journal = "ĐH KHTN",
}
