@book{Vanderbei2020,
	doi = {10.1007/978-3-030-39415-8},
	url = {https://doi.org/10.1007/978-3-030-39415-8},
	year = {2020},
	publisher = {Springer International Publishing},
	author = {Robert J. Vanderbei},
	title = {Linear Programming}
}
@unpublished{Nhom132022,
    author = {Đoàn Thu Ngân and Trần Hoàng Quân and Huỳnh Tấn Thọ and Sử Nhật Đăng and Phan Đặng Diễm Uyên},
    title = {Tính hiệu quả của Phương pháp Đơn hình:
Tìm hiểu hiệu năng của Phương pháp Đơn hình khi giải một
bài toán QHTT có kích thước cố định.},
    year = {2022},
    note = {Presentation slide}
}